@MISC{lsi ,
	 author = {https://www.analog.com/en/resources/glossary/vlsi.html},
}
